<?xml version="1.0" encoding="UTF-8"?><collection xmlns="http://www.loc.gov/MARC21/slim"><record><leader>00362nam--2200133-i-4500</leader><controlfield tag="001">000049441</controlfield><controlfield tag="002">20161230</controlfield><controlfield tag="005">20161230201047</controlfield><controlfield tag="008">060222s1000------------r-----000-0-eng-d</controlfield><datafield ind1=" " ind2=" " tag="080"><subfield code="a">621.165</subfield></datafield><datafield ind1=" " ind2=" " tag="100"><subfield code="a">Victor Pimsner /S.A.</subfield></datafield><datafield ind1=" " ind2=" " tag="245"><subfield code="a">Procese in masini termice cu palete. aplicatii si probleme</subfield></datafield><datafield ind1=" " ind2=" " tag="260"><subfield code="a">Bucuresti, Editura Tehnic[, 1986, 384p</subfield></datafield><datafield ind1=" " ind2=" " tag="852"><subfield code="a">73459</subfield></datafield></record></collection>